<record><leader>00000cas a2200000 a 4500</leader><controlfield tag="001">12939497</controlfield><controlfield tag="008">851220d18901899ksuwr ne      0    0eng d</controlfield><datafield ind1=" " ind2=" " tag="010"><subfield code="a">sn 85067274 </subfield></datafield><datafield ind1=" " ind2=" " tag="040"><subfield code="a">KSH</subfield><subfield code="b">eng</subfield><subfield code="c">KSH</subfield><subfield code="d">NPT</subfield><subfield code="d">OCL</subfield><subfield code="d">OCLCQ</subfield></datafield><datafield ind1=" " ind2=" " tag="042"><subfield code="a">msc</subfield></datafield><datafield ind1="0" ind2=" " tag="130"><subfield code="a">Farmers advocate (Yates Center, Kan.)</subfield></datafield><datafield ind1="1" ind2="4" tag="245"><subfield code="a">The farmers advocate.</subfield></datafield><datafield ind1=" " ind2=" " tag="260"><subfield code="a">Yates Center, Kan. :</subfield><subfield code="b">A.E. &amp; N.S. Macoubrie,</subfield><subfield code="c">-1899.</subfield></datafield><datafield ind1=" " ind2=" " tag="300"><subfield code="a">v. :</subfield><subfield code="b">ill. ;</subfield><subfield code="c">56 cm.</subfield></datafield><datafield ind1=" " ind2=" " tag="310"><subfield code="a">Weekly</subfield></datafield><datafield ind1="0" ind2=" " tag="362"><subfield code="a">-v. 10, no. 15 (Aug. 25, 1899).</subfield></datafield><datafield ind1="1" ind2=" " tag="362"><subfield code="a">Began in 1890.</subfield><subfield code="z">Cf. Rowell, 1892.</subfield></datafield><datafield ind1=" " ind2=" " tag="500"><subfield code="a">Title varies slightly.</subfield></datafield><datafield ind1=" " ind2=" " tag="500"><subfield code="a">Published by: Hudson &amp; Faight, July 19, 1895-May 29, 1897; Hudson &amp; Kinyon, June 4, 1897-Aug. 25, 1899.</subfield></datafield><datafield ind1=" " ind2=" " tag="550"><subfield code="a">"Official organ of the F.M.B.A."</subfield></datafield><datafield ind1=" " ind2=" " tag="588"><subfield code="a">Description based on: Vol. 1, no. 33 (Jan. 9, 1891).</subfield></datafield><datafield ind1=" " ind2=" " tag="752"><subfield code="a">United States</subfield><subfield code="b">Kansas</subfield><subfield code="c">Woodson</subfield><subfield code="d">Yates Center.</subfield></datafield><datafield ind1="0" ind2="0" tag="785"><subfield code="t">Woodson County advocate (Yates Center, Kan. : 1899)</subfield><subfield code="w">(DLC)sn 85067277</subfield></datafield><datafield ind1="1" ind2=" " tag="029"><subfield code="a">AU@</subfield><subfield code="b">000022171768</subfield></datafield></record>